@BOOK {alpaydin2014ml,
	author    = "Ethem Alpaydin",
	title     = "Introduction to Machine Learning",
	publisher = "MIT Press",
	year      = "2014",
	edition   = "third",
}
@inproceedings{loeliger1997factor,
	title={Factor graphs and algorithms},
	author={Frey, Brendan J and Kschischang, Frank R and Loeliger, Hans-Andrea and Wiberg, Niclas},
	booktitle={Proceedings of the Annual Allerton Conference on Communication Control and Computing},
	volume={35},
	pages={666--680},
	year={1997},
	organization={UNIVERSITY OF ILLINOIS}
}
@article{loeliger2001factor,
	title={Factor graphs and the sum-product algorithm},
	author={Kschischang, Frank R and Frey, Brendan J and Loeliger, Hans-Andrea},
	journal={Information Theory, IEEE Transactions on},
	volume={47},
	number={2},
	pages={498--519},
	year={2001},
	publisher={IEEE}
}
@inproceedings{herbrich2006trueskill,
	title={Trueskillâ„¢: A Bayesian skill rating system},
	author={Herbrich, Ralf and Minka, Tom and Graepel, Thore},
	booktitle={Advances in Neural Information Processing Systems},
	pages={569--576},
	year={2006}
}
@article{bishop2013model,
	title={Model-based machine learning},
	author={Bishop, Christopher M},
	journal={Philosophical Transactions of the Royal Society of London A: Mathematical, Physical and Engineering Sciences},
	volume={371},
	number={1984},	
	year={2013},
	publisher={The Royal Society}
}
@misc{ wiki:elo,
	author = "Elo rating system",
	title = "{W}ikipedia{,} The Free Encyclopedia",
	year = "2016",
	howpublished = "\url{https://en.wikipedia.org/wiki/Elo_rating_system}"},
	note = "[Online; accessed 22-March-2016]"
}
@misc{ wiki:glicko,
	author = "Glicko rating system",
	title = "{W}ikipedia{,} The Free Encyclopedia",
	year = "2016",
	howpublished = "\url{https://en.wikipedia.org/wiki/Glicko_rating_system}"},
	note = "[Online; accessed 22-March-2016]"
}
@misc{ moser,
	author = "Jeff Moser",
	title = "Computing Your Skill",
	year = "2010",
	howpublished = "\url{http://www.moserware.com/2010/03/computing-your-skill.html}"},
	note = "[Online; accessed 22-March-2016]"
}
@misc{ tennis,
	author = "University of California Irvine",
	title = "Tennis Major Tournament Match Statistics Data Set ",
	howpublished = "\url{https://archive.ics.uci.edu/ml/machine-learning-databases/00300/}"},
	note = "[Online; accessed 22-March-2016]"
}