@BOOK {alpaydin2014ml,
	author    = "Ethem Alpaydin",
	title     = "Introduction to Machine Learning",
	publisher = "MIT Press",
	year      = "2014",
	edition   = "third",
}
@article{loeliger2001factor,
	title={Factor graphs and the sum-product algorithm},
	author={Kschischang, Frank R and Frey, Brendan J and Loeliger, Hans-Andrea},
	journal={Information Theory, IEEE Transactions on},
	volume={47},
	number={2},
	pages={498--519},
	year={2001},
	publisher={IEEE}
}
@inproceedings{minka2006trueskilll,
	title={Trueskillâ„¢: A Bayesian skill rating system},
	author={Herbrich, Ralf and Minka, Tom and Graepel, Thore},
	booktitle={Advances in Neural Information Processing Systems},
	pages={569--576},
	year={2006}
}
@article{bishop2013modelbased,
	title={Model-based machine learning},
	author={Bishop, Christopher M},
	journal={Philosophical Transactions of the Royal Society of London A: Mathematical, Physical and Engineering Sciences},
	volume={371},
	number={1984},	
	year={2013},
	publisher={The Royal Society}
}
@book{elo1978chess,
	title={The rating of chessplayers, past and present},
	author={Elo, Arpad E},
	year={1978},
	publisher={Arco Pub.}
}
@article{glickman1999parameter,
	title={Parameter estimation in large dynamic paired comparison experiments},
	author={Glickman, Mark E},
	journal={Applied Statistics},
	pages={377--394},
	year={1999},
	publisher={JSTOR}
}
@inproceedings{minka2001ep,
	title={Expectation propagation for approximate Bayesian inference},
	author={Minka, Thomas P},
	booktitle={Proceedings of the Seventeenth conference on Uncertainty in artificial intelligence},
	pages={362--369},
	year={2001},
	organization={Morgan Kaufmann Publishers Inc.}
}
@phdthesis{minka2001family,
	title={A family of algorithms for approximate Bayesian inference},
	author={Minka, Thomas P},
	year={2001},
	school={Massachusetts Institute of Technology}
}
@misc{ cemgil2009notes,
	author = "Ali Taylan Cemgil",
	title = "A Tutorial Introduction to Monte Carlo methods, Markov Chain Monte Carlo and Particle Filtering",
	year = "2009",
	school= "Bogazici University"
}



@misc{ moser,
	author = "Jeff Moser",
	title = "Computing Your Skill",
	year = "2010",
	howpublished = "\url{http://www.moserware.com/2010/03/computing-your-skill.html}"},
	note = "[Online; accessed 22-March-2016]"
}
@misc{ tennis,
	author = "University of California Irvine",
	title = "Tennis Major Tournament Match Statistics Data Set ",
	howpublished = "\url{https://archive.ics.uci.edu/ml/machine-learning-databases/00300/}"},
	note = "[Online; accessed 22-March-2016]"
}